
% ARTICLES

@article{bollerslev86,
    author = "Tim Bollerslev",
    title = "Generalized autoregressive conditional heteroskedasticity",
    journal = "Journal of Econometrics",
    volume = "31",
    number = "3",
    pages = "307-327",
    year = "1986"
}

@article{chanramkumar11,
    author = {Lydia J. Chan and Sunder R. Ramkumar},
    title = "Tracking error rebalancing",
    journal = "Journal of Portfolio Management",
    volume = "37",
    number = "4",
    pages = "54-66",
    year = "2011"
}

@article{mcneil05,
    author = {Stefano Demarta and Alexander J. McNeil},
    title = "The \emph{t} copula and related copulas",
    journal = "International Statistical Review",
    volume = "73",
    number = "1",
    pages = "111-129",
    year = "2005"
}

@article{chenfan06,
    author={Chen, Xiaohong and Fan, Yanqin},
    title={Estimation and model selection of semiparametric copula-based multivariate dynamic models under copula misspecification},
    journal={Journal of Econometrics},
    year=2006,
    volume={135},
    number={1-2},
    pages={125-154}
}

@article{genestetal09,
    author = {Genest, Christian and R\'{e}millard, Bruno and Beaudoin, David},
    title = "Goodness-of-fit tests for copulas: A review and a power study",
    journal = "Insurance: Mathematics and Economics",
    year=2009,
    volume={44},
    ={199-213}
}

@article{sklar59,
    author = {Abe Sklar},
    title = "Fonctions de r\'{e}partition \`{a} $n$ dimensions et leurs marges",
    journal = "Publ. Inst. Statist. Univ. Paris",
    volume = "8",
    pages = "229-231",
    year = "1959"
}

@article{engle82,
    author = "Robert Engle",
    title = "Autoregressive conditional heteroskedasticity with estimates of the Variance of United Kingdom Inflation",
    journal = "Econometrica",
    volume = "50",
    number = "4",
    pages = "987-1008",
    year = "1982"
}


@article{fisher09,
    author = {Fischer, Matthias and K\"{o}ck, Christian and Schlüter, Stephan and Weigert, Florian},
    title = {An empirical analysis of multivariate copula models},
    journal = {Quantitative Finance},
    volume = {9},
    number = {7},
    pages = {839-854},
    year = {2009}
}

@article{longin99,
    title = {Optimal margin level in futures markets: extreme price movements},
    author = {Longin, Fran\c{c}ois},
    journal = {Journal of Futures Markets},
    volume = {19},
    number = {2},
    year = {1999},
    pages = {127-152}
}

@article{fujii2010,
     title = {Collateral posting and choice of collateral currency},
     author = {Fujii, Masaaki and Shimada, Yasufumi and Takahashi, Akihiko},
     journal = "{CIRJE Discussion paper}",
     year = 2010
}

@article{rosenblatt52,
     title = {Remarks on a multivariate transformation},
     author = {Rosenblatt, Murray},
     journal = {The Annals of Mathematical Statistics},
     volume = {23},
     number = {3},
     year = {1952},
     pages = {470-472}
}

@article{MillerOrr,
     title = {A Model of the Demand for Money by Firms},
     author = {Miller, Merton H. and Orr, Daniel},
     journal = {The Quarterly Journal of Economics},
     volume = {80},
     number = {3},
     year = {1966},
     pages = {413-435}
}

@article{higson10,
     title = {Organization size and the optimal investment in cash},
     author = {Higson, Andrew and Yoshikatsu, Shinozawad and Tippett, Mark},
     journal = {IMA Journal of Management Mathematics},
     volume = {21},
     number = {1},
     year = {2010},
     pages = {27-38}
}

@article{cotter01,
     title = {Margin exceedences for European stock index futures using extreme value theory},
     author = {Cotter, John},
     journal = {Journal of Banking \& Finance},
     volume = {25},
     number = {8},
     year = {2001},
     pages = {1475-1502}
}

@article{lam04,
     title = {A theoretical framework to evaluate different margin-setting methodologies},
     author = {Lam, Kin and Sin, Chor-Yiu Sin and Leung, Rico},
     journal = {Journal of Futures Markets},
     volume = {24},
     number = {2},
     year = {2004},
     pages = {117-145}
}

@article{kao10,
     title = {Setting margin levels in futures markets: An extreme value method},
     author = {Kao, Tzu-chuan and Lin, Chu-hsiung},
     journal = {Nonlinear Analysis: Real World Applications},
     volume = {11},
     number = {3},
     year = {2010},
     pages = {1704-1713}
}

@article{guillaume97,
     title = {From the bird’s eye to the microscope: A survey of new stylized facts of the intra-daily foreign exchange markets},
     author = {Guillaume, Dominique M. and Dacorogna, Michel M. and Dav\'e, Rakhal R. and M\"uller, Ulrich A. and Olsen, Richard B. and Pictet, Olivier V.},
     journal = {Finance and Stochastics},
     volume = {1},
     year = {1997},
     pages = {95-129}
}

@article{pagan96,
     title = {The econometrics of financial markets},
     author = {Pagan, Adrian Rodney},
     year = {1996},
     journal = {Journal of Empirical Finance},
     volume = {3},
     number = {1},
     pages = {15-102}
}

@article{patton06,
     title = {MODELLING ASYMMETRIC EXCHANGE RATE DEPENDENCE},
     author = {Patton, Andrew J.},
     year = {2006},
     journal = {International Economic Review},
     volume = {47},
     number = {2},
     pages = {527-556}
}

@article{brown1828,
     title = {A brief account of microscopical observations made in the months of June, July and August, 1827, on the particles contained in the pollen of plants; and on the general existence of active molecules in organic and inorganic bodies},
     author = {Brown, Robert},
     year = {1828},
     journal = {Edinburgh New Philosophical Journal},
     pages = {358-371}
}

@article{bachelier1900,
     title = {Th\'eorie de la sp\'eculation},
     author = {Bachelier, Louis},
     year = {1900},
     journal = {Annales Scientifiques de l'\'Ecole Normale Sup\'erieure},
     volume = {3},
     number = {17},
     pages = {21-86}
}

@article{merton69,
    title = {Lifetime Portfolio Selection under Uncertainty: The Continuous-Time Case},
    author = {Merton, Robert C.},
    year = {1969},
    journal = {The Review of Economics and Statistics},
    volume = {51},
    number = {3},
    pages = {247-257}
}

@article{cont01,
    title = {Empirical properties of asset returns: stylized facts and statistical issues},
    author = {Cont, Rama},
    year = {2001},
    journal = {Quantitative Finance},
    volume = {1},
    number = {2},
    pages = {223-236}
}

@article {yue12,
    author = {Peng, Yue and Ng, Wing},
    title = {Analysing financial contagion and asymmetric market dependence with volatility indices via copulas},
    journal = {Annals of Finance},
    pages = {49-74},
    volume = {8},
    issue = {1},
    year = {2012}
}

@article{patton00,
    author = {Patton, Andrew and Kearney, Colm},
    title = {Multivariate GARCH Modeling of Exchange Rate Volatility Transmission in the European Monetary System},
    journal = {The Financial Review},
    volume = {35},
    number = {1},
    pages = {25-46},
    year = {2000}
}

@article{laurent06,
    author = {S\'ebastien Laurent and Luc Bauwens and Jeroen V. K. Rombouts},
    title = {Multivariate GARCH models: a survey},
    journal = {Journal of Applied Econometrics},
    year = 2006,
    volume = {21},
    number = {1},
    pages = {79-109}
}

@article{marshallolkin88,
    title = {Families of Multivariate Distributions},
    author = {Marshall, Albert W. and Olkin, Ingram},
    journal = {Journal of the American Statistical Association},
    volume = {83},
    number = {403},
    pages = {834-841},
    year = {1988}
}

@article{campbell2010,
    author={John Y. Campbell and Karine Serfaty-De Medeiros and Luis M. Viceira},
    title={Global Currency Hedging},
    journal={Journal of Finance},
    year=2010,
    volume={65},
    number={1},
    pages={87-121}
}

% TECH REPORTS

@techreport{melchiori06,
    author={Mario R. Melchiori},
    title={Tools for Sampling Multivariate Archimedean Copulas},
    journal = {YieldCurve},
    year=2006,
    month=Apr
}

@techreport{Remillard11,
    institution={{SSRN Working Paper Series No. 1729982}},
    title={Goodness-of-Fit Tests for Copulas of Multivariate Time Series},
    author={R\'emillard, Bruno},
    journal={SSRN eLibrary},
    year={2010},
    publisher={SSRN},
    keywords={Goodness-of-fit, time series, dynamic copulas, GARCH models},
    location={http://ssrn.com/paper=1729982},
    language={English}
}

@techreport{Remillard11b,
    author={R\'emillard, Bruno},
    title={Validity of the Parametric Bootstrap  for Goodness-of-Fit Testing in Dynamic Models},
    institution={{SSRN Working Paper Series No. 1966476}},
      journal={SSRN eLibrary},
    year={2011},
    publisher={SSRN},
    keywords={Time series, Goodness-of-fit test, Monte Carlo simulation, Parametric bootstrap, HMM, GARCH, Copulas},
    location={http://ssrn.com/paper=1966476}
}

@techreport{silvennoinen08,
    author={Annastiina Silvennoinen and Timo Ter\"{a}svirta},
    title={Multivariate GARCH models},
    year=2008,
    month=Jan,
    type={CREATES Research Papers},
    number={2008-06}
}

@techreport{casper94,
    title = {Stylized Facts of Nominal Exchange Rate Returns},
    author = {Vries, Casper G. de and Leuven, K.U.},
    year = {1994},
    type = {Working Papers}
}

% BOOKS

@book{Gnanadesikan77,
    title={Methods of Statistical Data Analysis for Mulitivariate Observations},
    author={Gnanadesikan, R.},
    year={1977},
    publisher={John Wiley, NY}
}

@book{mcneil05b,
    title={Quantitative risk management: concepts, techniques and tools},
    author={McNeil, A.J. and Frey, R. and Embrechts, P.},
    series={Princeton series in finance},
    year={2005},
    publisher={Princeton University Press}
}

% OTHERS

@misc{basel1,
    author    = "BCBS",
    title     = "Basel {III}: A global regulatory framework for more resilient banks and banking systems",
    howpublished = "Basel Committee on Banking Supervision",
    year     = "2011"
}

@misc{basel2,
    author    = "BCBS",
    title     = "Basel {III}: International framework for liquidity risk measurement, standards and monitoring",
    howpublished = "Basel Committee on Banking Supervision",
    year     = "2011"
}
